<record><leader>00000cas a2200000 i 4500</leader><controlfield tag="001">47864077</controlfield><controlfield tag="008">010829c20019999dcuwr ne      0   a0eng c</controlfield><datafield ind1=" " ind2=" " tag="010"><subfield code="a">  2001248400</subfield></datafield><datafield ind1=" " ind2=" " tag="040"><subfield code="a">NUW</subfield><subfield code="b">eng</subfield><subfield code="e">rda</subfield><subfield code="c">NUW</subfield><subfield code="d">NYP</subfield><subfield code="d">NSD</subfield><subfield code="d">NVF</subfield><subfield code="d">EEM</subfield><subfield code="d">OCLCQ</subfield><subfield code="d">CUV</subfield><subfield code="d">OCLCA</subfield><subfield code="d">NDD</subfield><subfield code="d">OCLCF</subfield><subfield code="d">OCL</subfield></datafield><datafield ind1=" " ind2=" " tag="012"><subfield code="m">0</subfield></datafield><datafield ind1="0" ind2=" " tag="022"><subfield code="a">1539-7416</subfield><subfield code="l">1539-7416</subfield><subfield code="2">1</subfield></datafield><datafield ind1=" " ind2=" " tag="037"><subfield code="b">National News Reporting Co., 645 Pennsylvania Ave. SE, Suite 100., Washington, D.C. 20003</subfield><subfield code="c">$59.00</subfield></datafield><datafield ind1=" " ind2=" " tag="042"><subfield code="a">pcc</subfield><subfield code="a">nsdp</subfield></datafield><datafield ind1=" " ind2=" " tag="043"><subfield code="a">n-us---</subfield></datafield><datafield ind1="1" ind2="4" tag="050"><subfield code="a">JK1</subfield><subfield code="b">.N37</subfield></datafield><datafield ind1="1" ind2="0" tag="082"><subfield code="a">070</subfield><subfield code="2">13</subfield></datafield><datafield ind1="0" ind2=" " tag="130"><subfield code="a">American Free Press (Washington, D.C.)</subfield></datafield><datafield ind1="0" ind2=" " tag="210"><subfield code="a">Am. free press</subfield><subfield code="b">(Wash. D.C.)</subfield></datafield><datafield ind1=" " ind2="0" tag="222"><subfield code="a">American free press</subfield><subfield code="b">(Washington, D.C.)</subfield></datafield><datafield ind1="1" ind2="0" tag="245"><subfield code="a">American Free Press.</subfield></datafield><datafield ind1=" " ind2="1" tag="264"><subfield code="a">Washington, D.C. :</subfield><subfield code="b">National News Reporting Co.,</subfield><subfield code="c">2001-</subfield></datafield><datafield ind1=" " ind2=" " tag="300"><subfield code="a">volumes :</subfield><subfield code="b">illustrations ;</subfield><subfield code="c">35 cm.</subfield></datafield><datafield ind1=" " ind2=" " tag="310"><subfield code="a">Weekly</subfield></datafield><datafield ind1=" " ind2=" " tag="336"><subfield code="a">text</subfield><subfield code="b">txt</subfield><subfield code="2">rdacontent</subfield></datafield><datafield ind1=" " ind2=" " tag="337"><subfield code="a">unmediated</subfield><subfield code="b">n</subfield><subfield code="2">rdamedia</subfield></datafield><datafield ind1=" " ind2=" " tag="338"><subfield code="a">volume</subfield><subfield code="b">nc</subfield><subfield code="2">rdacarrier</subfield></datafield><datafield ind1="1" ind2=" " tag="362"><subfield code="a">Began with: Volume 1, number1 (August 20, 2001).</subfield></datafield><datafield ind1=" " ind2=" " tag="588"><subfield code="a">Description based on: Volume 1, number1 (August 20, 2001); title from caption.</subfield></datafield><datafield ind1=" " ind2=" " tag="500"><subfield code="a">Founder: Willis A. Carto.</subfield></datafield><datafield ind1=" " ind2=" " tag="500"><subfield code="a">"For life and liberty against the new world order."</subfield></datafield><datafield ind1=" " ind2=" " tag="530"><subfield code="a">Some articles available online.</subfield></datafield><datafield ind1=" " ind2=" " tag="588"><subfield code="a">Latest issue consulted: Volume 6, number 52 (December 25, 2006).</subfield></datafield><datafield ind1=" " ind2="0" tag="650"><subfield code="a">Antisemitism</subfield><subfield code="z">United States</subfield><subfield code="v">Newspapers.</subfield></datafield><datafield ind1=" " ind2="0" tag="651"><subfield code="a">United States</subfield><subfield code="x">Politics and government</subfield><subfield code="v">Newspapers.</subfield></datafield><datafield ind1=" " ind2="0" tag="651"><subfield code="a">Washington (D.C.)</subfield><subfield code="v">Newspapers.</subfield></datafield><datafield ind1=" " ind2="7" tag="650"><subfield code="a">Antisemitism.</subfield><subfield code="2">fast</subfield><subfield code="0">(OCoLC)fst00810769</subfield></datafield><datafield ind1=" " ind2="7" tag="650"><subfield code="a">Politics and government</subfield><subfield code="2">fast</subfield><subfield code="0">(OCoLC)fst01919741</subfield></datafield><datafield ind1=" " ind2="7" tag="651"><subfield code="a">United States.</subfield><subfield code="2">fast</subfield><subfield code="0">(OCoLC)fst01204155</subfield></datafield><datafield ind1=" " ind2="7" tag="651"><subfield code="a">Washington (D.C.)</subfield><subfield code="2">fast</subfield><subfield code="0">(OCoLC)fst01204505</subfield></datafield><datafield ind1=" " ind2="7" tag="655"><subfield code="a">Alternative publications</subfield><subfield code="z">District of Columbia</subfield><subfield code="z">Washington</subfield><subfield code="y">20th century.</subfield><subfield code="2">rbgenr</subfield></datafield><datafield ind1=" " ind2="7" tag="655"><subfield code="a">Anti-Semitic literature</subfield><subfield code="z">District of Columbia</subfield><subfield code="z">Washington</subfield><subfield code="y">20th century.</subfield><subfield code="2">rbgenr</subfield></datafield><datafield ind1=" " ind2="7" tag="655"><subfield code="a">Newspapers.</subfield><subfield code="2">fast</subfield><subfield code="0">(OCoLC)fst01423814</subfield></datafield><datafield ind1="1" ind2=" " tag="700"><subfield code="a">Carto, Willis A.</subfield></datafield><datafield ind1=" " ind2=" " tag="752"><subfield code="a">United States</subfield><subfield code="b">District of Columbia</subfield><subfield code="d">Washington.</subfield></datafield><datafield ind1="0" ind2="0" tag="780"><subfield code="t">Spotlight (Washington, D.C.)</subfield><subfield code="w">(DLC)sn 79006229</subfield><subfield code="w">(OCoLC)2481738</subfield></datafield><datafield ind1="4" ind2="1" tag="856"><subfield code="u">http://www.americanfreepress.net/</subfield></datafield><datafield ind1="1" ind2=" " tag="029"><subfield code="a">AU@</subfield><subfield code="b">000022986749</subfield></datafield></record>